@misc{wiki,
    title={Sirius Official Documentation},
    url={https://wiki-sirius.lnls.br},
}
